@misc{sop,
   author = {Wikipedia},
   title = {{Same-Origin-Policy --- Wikipedia, Die freie Enzyklopädie}},
   year = {2012},
   url = {http://de.wikipedia.org/w/index.php?title=Same-Origin-Policy&oldid=96343774},
   note = {[Online; Stand 18. März 2012]}
}
@misc{fusion-table-announce,
	author = {{Alon Halevy, Rebecca Shapley}},
	title = {{Google Fusion Tables}},
	url = {http://googleresearch.blogspot.com/2009/06/google-fusion-tables.html},
	journal = {{Google Research Blog}},
	type = {Blog},
	number = {10.6.},
	year = {2009},
	note = {[Online; Stand 19. April 2012]}
}
@misc{fusion-tables-geo-limits,
	author = {{Google Developers}},
	title = {{Google Fusion Tables API --- Developer's Guide}},
	year = {2012},
	url = {https://developers.google.com/fusiontables/docs/developers_guide#Geo},
	note = {[Online; Stand 14. Mai 2012]}
}
@misc{data-gathering,
	author = {Kathryn Hurley},
	title = {{Data Gathering with Fusion Tables}},
	url = {https://developers.google.com/fusiontables/docs/articles/data_gathering},
	journal = {{Google Developers}},
	type = {Blog},
	number = {December},
	year = {2011},
	note = {[Online; Stand 19. April 2012]}
}
@misc{rest,
   author = {Wikipedia},
   title = {{Representational State Transfer --- Wikipedia, Die freie Enzyklopädie}},
   year = {2012},
   url = {http://de.wikipedia.org/w/index.php?title=Representational_State_Transfer&oldid=103295993},
   note = {[Online; Stand 20. Mai 2012]}
}
@misc{cloud,
   author = {Wikipedia},
   title = {{Cloud-Computing --- Wikipedia, Die freie Enzyklopädie}},
   year = {2012},
   url = {http://de.wikipedia.org/w/index.php?title=Cloud-Computing&oldid=103606763},
   note = {[Online; Stand 24. Mai 2012]}
}
@misc{service-models,
   author = {Frank Hardisty and Sterling Quinn, John A. Dutton},
   title = {{What is Cloud Computing?}},
   year = {2012},
   url = {https://www.e-education.psu.edu/cloudGIS/node/91},
   note = {[Online; Stand 24. Mai 2012]}
}
@misc{webapp,
   author = {Wikipedia},
   title = {{Webapp --- Wikipedia{,} Die freie Enzyklopädie}},
   year = {2012},
   url = {http://de.wikipedia.org/w/index.php?title=Webapp&oldid=102886692},
   note = {[Online; Stand 30. Mai 2012]}
 }
@misc{kml,
   author = {Wikipedia},
   title = {{Keyhole Markup Language --- Wikipedia{,} Die freie Enzyklopädie}},
   year = {2011},
   url = {http://de.wikipedia.org/w/index.php?title=Keyhole_Markup_Language&oldid=97341373},
   note = {[Online; Stand 30. Mai 2012]}
 }
@misc{csv,
   author = {Wikipedia},
   title = {{CSV (Dateiformat) --- Wikipedia{,} Die freie Enzyklopädie}},
   year = {2012},
   url = {http://de.wikipedia.org/w/index.php?title=CSV_(Dateiformat)&oldid=103809247},
   note = {[Online; Stand 30. Mai 2012]}
 }
@misc{xml,
   author = {Wikipedia},
   title = {{Extensible Markup Language --- Wikipedia{,} Die freie Enzyklopädie}},
   year = {2012},
   url = {http://de.wikipedia.org/w/index.php?title=Extensible_Markup_Language&oldid=103137038},
   note = {[Online; Stand 30. Mai 2012]}
 }
@misc{gis,
   author = {{Wikipedia}},
   title = {{Geoinformationssystem --- Wikipedia{,} Die freie Enzyklopädie}},
   year = {{2012}},
   url = {{http://de.wikipedia.org/w/index.php?title=Geoinformationssystem&oldid=102409551}},
   note = {{[Online;  Stand 30. Mai 2012]}}
 }
@misc{saas,
   author = {Wikipedia},
   title = {{Software as a Service --- Wikipedia{,} Die freie Enzyklopädie}},
   year = {2012},
   url = {http://de.wikipedia.org/w/index.php?title=Software_as_a_Service&oldid=103794812},
   note = {[Online; Stand 30. Mai 2012]}
 }
@misc{ajax,
   author = {Wikipedia},
   title = {{Ajax (Programmierung) --- Wikipedia{,} Die freie Enzyklopädie}},
   year = {2012},
   url = {http://de.wikipedia.org/w/index.php?title=Ajax_(Programmierung)&oldid=102964155},
   note = {[Online; Stand 30. Mai 2012]}
 }
 @misc{json,
   author = {Wikipedia},
   title = {{JavaScript Object Notation --- Wikipedia{,} Die freie Enzyklopädie}},
   year = {2012},
   url = {http://de.wikipedia.org/w/index.php?title=JavaScript_Object_Notation&oldid=103522442},
   note = {[Online; Stand 30. Mai 2012]}
 }
@misc{oauth,
   author = {Wikipedia},
   title = {{OAuth --- Wikipedia{,} Die freie Enzyklopädie}},
   year = {2012},
   url = {http://de.wikipedia.org/w/index.php?title=OAuth&oldid=102475591},
   note = {[Online; Stand 30. Mai 2012]}
 }
@misc{uuid,
   author = {Wikipedia},
   title = {{Universally Unique Identifier --- Wikipedia{,} Die freie Enzyklopädie}},
   year = {2012},
   url = {http://de.wikipedia.org/w/index.php?title=Universally_Unique_Identifier&oldid=103312771},
   note = {[Online; Stand 30. Mai 2012]}
 }
@misc{crud,
   author = {Wikipedia},
   title = {{CRUD --- Wikipedia{,} Die freie Enzyklopädie}},
   year = {2012},
   url = {http://de.wikipedia.org/w/index.php?title=CRUD&oldid=103876970},
   note = {[Online; Stand 30. Mai 2012]}
 }
@misc{mvc,
   author = {Wikipedia},
   title = {{Model View Controller --- Wikipedia{,} Die freie Enzyklopädie}},
   year = {2012},
   url = {http://de.wikipedia.org/w/index.php?title=Model_View_Controller&oldid=103366388},
   note = {[Online; Stand 30. Mai 2012]}
 }
 @misc{ant-target,
   author = {Apache Software Foundation},
   title = {{Apache Ant 1.8.2 Manual --- Target}},
   year = {2012},
   url = {http://ant.apache.org/manual/targets.html},
   note = {[Online; Stand 30. Mai 2012]}
 }